@article{knn,
    author = { N. S. Altman },
    title = {An Introduction to Kernel and Nearest-Neighbor Nonparametric Regression},
    journal = {The American Statistician},
    volume = {46},
    number = {3},
    pages = {175-185},
    year  = {1992},
    publisher = {Taylor & Francis},
}
@inproceedings{Davis2007Information,
  title={Information-theoretic metric learning},
  author={Davis, Jason V. and Kulis, Brian and Jain, Prateek and Sra, Suvrit and Dhillon, Inderjit S.},
  booktitle={Machine Learning, Twenty-fourth International Conference, Corvallis, Oregon, Usa, June},
  year={2007},
}
@book{Sugiyama2008Semi,
  title={Semi-Supervised Local Fisher Discriminant Analysis for Dimensionality Reduction},
  author={Sugiyama, Masashi and Id√©, Tsuyoshi and Nakajima, Shinichi and Sese, Jun},
  publisher={Springer Berlin Heidelberg},
  year={2008},
}