@inproceedings{lowe1999object,
  title={Object recognition from local scale-invariant features},
  author={Lowe, David G},
  booktitle={Proceedings of the seventh IEEE international conference on computer vision},
  volume={2},
  pages={1150--1157},
  year={1999},
  organization={Ieee}
}

@article{Sinno2011Domain,
  title={Domain Adaptation via Transfer Component Analysis},
  author={Sinno Jialin Pan and Tsang, Ivor W and Kwok, James T and Qiang Yang},
  journal={IEEE Transactions on Neural Networks},
  volume={22},
  number={2},
  pages={199-210},
  year={2011},
}